@BOOK{nm_verg_a,
  author = {Вержбицкий В. М.},
  title = {Численные методы (Линейная алгебра и нелинейные уравнения). Учебное пособие для ВУЗов},
  year = {2000},
}
@BOOK{nm_verg_m,
  author = {Вержбицкий В. М.},
  title = {Численные методы (Математический анализ). Учебное пособие для ВУЗов},
  year = {2000},
}
@BOOK{RH,
  author = {Richard Hamming},
  title = {Numerical methods for scientists and engineers},
  year = {1987},
}
@BOOK{RS,
  author = {Robert Sedgewick},
  title = {Algorithms, 4th ed.},
  year = {2011},
}
@BOOK{BH,
  author = {Бакушинский А. Б., Худак Ю. И.},
  title = {Основы функционального анализа},
  year = {2009},
}
